@article{严蔚敏2012数据结构,
  title={数据结构(C语言版)},
  author={严蔚敏 and 李冬梅 and 吴伟民},
  journal={计算机教育},
  year={2012},
}

